<record xmlns="http://www.loc.gov/MARC21/slim">
   <leader>03026cam a2200529 i 45 0</leader>
   <controlfield tag="001">6849539</controlfield>
   <controlfield tag="003">OCoLC</controlfield>
   <controlfield tag="005">20150306140821.0</controlfield>
   <controlfield tag="006">m     o  d        </controlfield>
   <controlfield tag="007">cr cn|---auuuu</controlfield>
   <controlfield tag="008">150226s2015    dcuab   obt   000 0 eng d</controlfield>
   <datafield ind1=" " ind2=" " tag="020">
      <subfield code="z">9780309308243</subfield>
   </datafield>
   <datafield ind1=" " ind2=" " tag="020">
      <subfield code="z">0309308240</subfield>
   </datafield>
   <datafield ind1=" " ind2=" " tag="035">
      <subfield code="a">ocn904051472</subfield>
   </datafield>
   <datafield ind1=" " ind2=" " tag="039">
      <subfield code="a">exclude</subfield>
   </datafield>
   <datafield ind1=" " ind2=" " tag="040">
      <subfield code="a">CDS</subfield>
      <subfield code="e">rda</subfield>
      <subfield code="e">rda</subfield>
      <subfield code="e">pn</subfield>
      <subfield code="c">CDS</subfield>
      <subfield code="d">CDS</subfield>
      <subfield code="d">AEU</subfield>
   </datafield>
   <datafield ind1=" " ind2=" " tag="043">
      <subfield code="a">n-us---</subfield>
   </datafield>
   <datafield ind1=" " ind2="4" tag="050">
      <subfield code="a">HE9797</subfield>
      <subfield code="b">A187 no.122</subfield>
   </datafield>
   <datafield ind1=" " ind2=" " tag="090">
      <subfield code="a">Internet Access</subfield>
      <subfield code="b">AEU</subfield>
   </datafield>
   <datafield ind1="1" ind2=" " tag="100">
      <subfield code="a">Sullivan, Julie</subfield>
      <subfield code="c">(Of Environmental Science Associates),</subfield>
      <subfield code="e">author.</subfield>
   </datafield>
   <datafield ind1="1" ind2="0" tag="245">
      <subfield code="a">Innovative airport responses to threatened and endangered species</subfield>
      <subfield code="h">[electronic resource] /</subfield>
      <subfield code="c">Julie Sullivan, Environmental Science Associates.</subfield>
   </datafield>
   <datafield ind1=" " ind2="1" tag="264">
      <subfield code="a">Washington, D.C. :</subfield>
      <subfield code="b">Transportation Research Board,</subfield>
      <subfield code="c">2015.</subfield>
   </datafield>
   <datafield ind1=" " ind2=" " tag="300">
      <subfield code="a">1 online resource (51 pages) :</subfield>
      <subfield code="b">color illustrations, maps (some color)</subfield>
   </datafield>
   <datafield ind1=" " ind2=" " tag="336">
      <subfield code="a">text</subfield>
      <subfield code="b">txt</subfield>
      <subfield code="2">rdacontent</subfield>
   </datafield>
   <datafield ind1=" " ind2=" " tag="337">
      <subfield code="a">computer</subfield>
      <subfield code="b">c</subfield>
      <subfield code="2">rdamedia</subfield>
   </datafield>
   <datafield ind1=" " ind2=" " tag="338">
      <subfield code="a">online resource</subfield>
      <subfield code="b">cr</subfield>
      <subfield code="2">rdacarrier</subfield>
   </datafield>
   <datafield ind1=" " ind2=" " tag="347">
      <subfield code="3">primary text</subfield>
      <subfield code="a">text file</subfield>
      <subfield code="b">PDF</subfield>
      <subfield code="c">3.3 MB</subfield>
   </datafield>
   <datafield ind1="1" ind2=" " tag="490">
      <subfield code="a">ACRP report,</subfield>
      <subfield code="x">1935-9802 ;</subfield>
      <subfield code="v">122</subfield>
   </datafield>
   <datafield ind1=" " ind2=" " tag="500">
      <subfield code="a">At head of title: Airport Cooperative Research Program.</subfield>
   </datafield>
   <datafield ind1=" " ind2=" " tag="500">
      <subfield code="a">Title of accompanying computer disc: Airport toolbox for ACRP Report 122.</subfield>
   </datafield>
   <datafield ind1=" " ind2=" " tag="500">
      <subfield code="a">Computer disc that accompanies the print version contains documents in PDF format; these files are available for download from the "Blurb" url.</subfield>
   </datafield>
   <datafield ind1=" " ind2=" " tag="504">
      <subfield code="a">Includes bibliographical references.</subfield>
   </datafield>
   <datafield ind1="0" ind2=" " tag="505">
      <subfield code="a">section 1. Purpose and scope of the primer -- section 2. Glossary of terms and definitions -- section 3. An introduction to endangered species regulation -- section 4. Identification of potential conflicts with airport actions -- section 5. Innovative process solutions -- section 6. Case studies for innovative airport responses to threatened and endangered species -- section 7. Overview of CRP-CD-160: Airport Toolbox for ACRP Report 122 -- References -- Acronyms, abbreviations, and initialisms.</subfield>
   </datafield>
   <datafield ind1=" " ind2=" " tag="536">
      <subfield code="a">Research sponsored by the Federal Aviation Administration</subfield>
      <subfield code="f">ACRP project 11-02/task 21</subfield>
   </datafield>
   <datafield ind1=" " ind2=" " tag="588">
      <subfield code="a">Description based on online resource; title from pdf title page (viewed February 26, 2015).</subfield>
   </datafield>
   <datafield ind1=" " ind2=" " tag="596">
      <subfield code="a">13 44</subfield>
   </datafield>
   <datafield ind1=" " ind2="0" tag="650">
      <subfield code="a">Airports</subfield>
      <subfield code="x">Environmental aspects</subfield>
      <subfield code="z">United States.</subfield>
   </datafield>
   <datafield ind1=" " ind2="0" tag="650">
      <subfield code="a">Wildlife conservation</subfield>
      <subfield code="z">United States.</subfield>
   </datafield>
   <datafield ind1=" " ind2="0" tag="650">
      <subfield code="a">Endangered species</subfield>
      <subfield code="z">United States.</subfield>
   </datafield>
   <datafield ind1="2" ind2=" " tag="710">
      <subfield code="a">National Research Council (U.S.).</subfield>
      <subfield code="b">Transportation Research Board,</subfield>
      <subfield code="e">issuing body.</subfield>
   </datafield>
   <datafield ind1="2" ind2=" " tag="710">
      <subfield code="a">Airport Cooperative Research Program,</subfield>
      <subfield code="e">sponsoring body.</subfield>
   </datafield>
   <datafield ind1="1" ind2=" " tag="710">
      <subfield code="a">United States.</subfield>
      <subfield code="b">Federal Aviation Administration,</subfield>
      <subfield code="e">sponsoring body.</subfield>
   </datafield>
   <datafield ind1="0" ind2="2" tag="740">
      <subfield code="a">Airport toolbox for ACRP Report 122.</subfield>
   </datafield>
   <datafield ind1=" " ind2="0" tag="830">
      <subfield code="a">ACRP report ;</subfield>
      <subfield code="v">122.</subfield>
   </datafield>
   <datafield ind1="4" ind2="0" tag="856">
      <subfield code="3">Free Access</subfield>
      <subfield code="u">http://onlinepubs.trb.org/onlinepubs/acrp/acrp_rpt_122.pdf</subfield>
   </datafield>
   <datafield ind1=" " ind2=" " tag="926">
      <subfield code="a">Internet Access</subfield>
      <subfield code="w">LC</subfield>
      <subfield code="c">1</subfield>
      <subfield code="i">6849539-1001</subfield>
      <subfield code="l">INTERNET</subfield>
      <subfield code="m">UAINTERNET</subfield>
      <subfield code="r">Y</subfield>
      <subfield code="s">Y</subfield>
      <subfield code="t">E-RESOURCE</subfield>
      <subfield code="u">3/6/2015</subfield>
      <subfield code="x">E-BOOK</subfield>
   </datafield>
   <datafield ind1=" " ind2=" " tag="926">
      <subfield code="a">Internet Access</subfield>
      <subfield code="w">LC</subfield>
      <subfield code="c">1</subfield>
      <subfield code="i">6849539-2001</subfield>
      <subfield code="l">INTERNET</subfield>
      <subfield code="m">NEOS_FREE</subfield>
      <subfield code="r">Y</subfield>
      <subfield code="s">Y</subfield>
      <subfield code="t">E-RESOURCE</subfield>
      <subfield code="u">3/6/2015</subfield>
      <subfield code="x">E-BOOK</subfield>
   </datafield>
</record>
